Trade_Time,Price_USD,Volume_BTC,Symbol
2025-09-30 00:12:29.189,114360.0,0.1,BTCUSDT
2025-09-30 00:12:29.387,114360.0,0.001,BTCUSDT
2025-09-30 00:12:29.588,114360.0,0.087,BTCUSDT
2025-09-30 00:12:29.866,114360.0,0.032,BTCUSDT
2025-09-30 00:12:30.101,114360.1,0.001,BTCUSDT
2025-09-30 00:12:30.385,114360.1,0.002,BTCUSDT
2025-09-30 00:12:30.460,114360.0,0.001,BTCUSDT
2025-09-30 00:12:30.490,114360.0,0.001,BTCUSDT
2025-09-30 00:12:30.631,114360.0,0.087,BTCUSDT
2025-09-30 00:12:31.126,114360.0,0.004,BTCUSDT
2025-09-30 00:12:31.807,114360.0,0.087,BTCUSDT
2025-09-30 00:12:31.850,114360.0,0.087,BTCUSDT
2025-09-30 00:12:32.022,114360.0,0.009,BTCUSDT
2025-09-30 00:12:32.037,114360.0,0.001,BTCUSDT
2025-09-30 00:12:32.235,114360.1,0.001,BTCUSDT
2025-09-30 00:12:32.328,114360.0,0.096,BTCUSDT
2025-09-30 00:12:32.460,114360.0,0.05,BTCUSDT
2025-09-30 00:12:32.919,114360.0,0.087,BTCUSDT
2025-09-30 00:12:32.957,114360.0,0.026,BTCUSDT
2025-09-30 00:12:33.290,114360.0,0.248,BTCUSDT
2025-09-30 00:12:33.316,114360.0,0.001,BTCUSDT
2025-09-30 00:12:33.692,114360.0,0.001,BTCUSDT
2025-09-30 00:12:33.813,114360.0,0.094,BTCUSDT
2025-09-30 00:12:33.813,114360.0,0.3,BTCUSDT
2025-09-30 00:12:33.813,114360.0,0.001,BTCUSDT
2025-09-30 00:12:33.813,114360.0,0.002,BTCUSDT
2025-09-30 00:12:33.813,114360.0,0.087,BTCUSDT
2025-09-30 00:12:33.813,114360.0,0.002,BTCUSDT
2025-09-30 00:12:33.813,114360.0,0.001,BTCUSDT
2025-09-30 00:12:33.813,114360.0,0.003,BTCUSDT
2025-09-30 00:12:33.813,114360.0,0.001,BTCUSDT
2025-09-30 00:12:33.813,114360.0,0.002,BTCUSDT
2025-09-30 00:12:33.813,114360.0,0.087,BTCUSDT
2025-09-30 00:12:33.813,114360.0,0.002,BTCUSDT
2025-09-30 00:12:33.813,114360.0,0.001,BTCUSDT
2025-09-30 00:12:33.813,114360.0,0.004,BTCUSDT
2025-09-30 00:12:33.813,114360.0,0.287,BTCUSDT
2025-09-30 00:12:34.050,114360.0,0.087,BTCUSDT
2025-09-30 00:12:34.292,114360.1,0.001,BTCUSDT
2025-09-30 00:12:34.323,114360.0,0.874,BTCUSDT
2025-09-30 00:12:34.408,114360.0,0.013,BTCUSDT
2025-09-30 00:12:34.464,114360.0,0.01,BTCUSDT
2025-09-30 00:12:34.591,114360.1,0.002,BTCUSDT
2025-09-30 00:12:34.794,114360.1,0.01,BTCUSDT
2025-09-30 00:12:35.061,114360.0,0.087,BTCUSDT
2025-09-30 00:12:35.080,114360.0,0.001,BTCUSDT
2025-09-30 00:12:35.258,114360.1,0.013,BTCUSDT
2025-09-30 00:12:35.258,114360.1,0.003,BTCUSDT
2025-09-30 00:12:35.259,114360.1,0.101,BTCUSDT
2025-09-30 00:12:35.469,114360.1,0.001,BTCUSDT
2025-09-30 00:12:35.805,114360.1,0.016,BTCUSDT
2025-09-30 00:12:36.063,114360.0,0.087,BTCUSDT
2025-09-30 00:12:36.065,114360.0,0.002,BTCUSDT
2025-09-30 00:12:36.418,114360.0,0.001,BTCUSDT
2025-09-30 00:12:36.567,114360.0,0.001,BTCUSDT
2025-09-30 00:12:36.985,114360.0,0.014,BTCUSDT
2025-09-30 00:12:37.063,114360.0,0.087,BTCUSDT
2025-09-30 00:12:37.075,114360.1,0.289,BTCUSDT
2025-09-30 00:12:37.075,114360.1,0.148,BTCUSDT
2025-09-30 00:12:37.132,114360.0,0.09,BTCUSDT
2025-09-30 00:12:37.341,114360.1,0.001,BTCUSDT
2025-09-30 00:12:37.452,114360.0,0.001,BTCUSDT
2025-09-30 00:12:37.454,114360.0,0.013,BTCUSDT
2025-09-30 00:12:37.753,114360.0,0.1,BTCUSDT
2025-09-30 00:12:38.055,114360.0,0.087,BTCUSDT
2025-09-30 00:12:38.314,114360.0,0.001,BTCUSDT
2025-09-30 00:12:38.776,114360.1,0.013,BTCUSDT
2025-09-30 00:12:38.796,114360.1,0.002,BTCUSDT
2025-09-30 00:12:39.024,114360.0,0.406,BTCUSDT
2025-09-30 00:12:39.030,114360.1,0.005,BTCUSDT
2025-09-30 00:12:39.030,114360.1,0.248,BTCUSDT
2025-09-30 00:12:39.030,114360.1,0.417,BTCUSDT
2025-09-30 00:12:39.030,114360.1,0.335,BTCUSDT
2025-09-30 00:12:39.147,114360.0,0.087,BTCUSDT
2025-09-30 00:12:39.172,114360.0,0.08,BTCUSDT
2025-09-30 00:12:39.258,114360.1,0.003,BTCUSDT
2025-09-30 00:12:39.339,114360.0,0.005,BTCUSDT
2025-09-30 00:12:39.737,114360.0,0.057,BTCUSDT
2025-09-30 00:12:39.808,114360.0,0.001,BTCUSDT
2025-09-30 00:12:39.885,114360.1,0.002,BTCUSDT
2025-09-30 00:12:39.911,114360.1,0.036,BTCUSDT
2025-09-30 00:12:39.936,114360.0,0.3,BTCUSDT
2025-09-30 00:12:39.953,114360.1,0.003,BTCUSDT
2025-09-30 00:12:40.150,114360.0,0.087,BTCUSDT
2025-09-30 00:12:40.225,114360.1,0.002,BTCUSDT
2025-09-30 00:12:40.305,114360.1,0.119,BTCUSDT
2025-09-30 00:12:40.305,114360.1,0.417,BTCUSDT
2025-09-30 00:12:40.305,114360.1,0.148,BTCUSDT
2025-09-30 00:12:40.471,114360.0,0.001,BTCUSDT
2025-09-30 00:12:40.721,114360.1,0.004,BTCUSDT
2025-09-30 00:12:40.856,114360.0,0.099,BTCUSDT
2025-09-30 00:12:41.152,114360.0,0.087,BTCUSDT
2025-09-30 00:12:41.224,114360.1,0.003,BTCUSDT
2025-09-30 00:12:41.771,114360.0,0.001,BTCUSDT
2025-09-30 00:12:42.059,114360.0,0.01,BTCUSDT
2025-09-30 00:12:42.155,114360.1,0.1,BTCUSDT
2025-09-30 00:12:42.160,114360.0,0.087,BTCUSDT
2025-09-30 00:12:42.234,114360.1,0.162,BTCUSDT
2025-09-30 00:12:42.234,114360.1,0.261,BTCUSDT
2025-09-30 00:12:42.460,114360.0,0.001,BTCUSDT
2025-09-30 00:12:42.784,114360.1,0.003,BTCUSDT
2025-09-30 00:12:43.000,114360.1,0.002,BTCUSDT
